@inproceedings{imagenet,
author = {Deng, Jia and Dong, Wei and Socher, Richard and Li, Li-Jia and Li, Kai and Li, Fei-Fei},
year = {2009},
month = {06},
pages = {248-255},
title = {ImageNet: a Large-Scale Hierarchical Image Database},
journal = {IEEE Conference on Computer Vision and Pattern Recognition},
doi = {10.1109/CVPR.2009.5206848}
}

@article{mnist,
  title={The mnist database of handwritten digit images for machine learning research},
  author={Deng, Li},
  journal={IEEE Signal Processing Magazine},
  volume={29},
  number={6},
  pages={141--142},
  year={2012},
  publisher={IEEE}
}

@Article{bellemare13arcade,
    author = {{Bellemare}, M.~G. and {Naddaf}, Y. and {Veness}, J. and {Bowling}, M.},
    title = {The Arcade Learning Environment: An Evaluation Platform for General Agents},
    journal = {Journal of Artificial Intelligence Research},
    year = "2013",
    month = "jun",
    volume = "47",
    pages = "253--279",
}

@misc{arcade2,
  doi = {10.48550/ARXIV.1709.06009},

  url = {https://arxiv.org/abs/1709.06009},

  author = {Machado, Marlos C. and Bellemare, Marc G. and Talvitie, Erik and Veness, Joel and Hausknecht, Matthew and Bowling, Michael},

  keywords = {Machine Learning (cs.LG), FOS: Computer and information sciences, FOS: Computer and information sciences},

  title = {Revisiting the Arcade Learning Environment: Evaluation Protocols and Open Problems for General Agents},

  publisher = {arXiv},

  year = {2017},

  copyright = {arXiv.org perpetual, non-exclusive license}
}

@misc{deep_q_learning,
  doi = {10.48550/ARXIV.1312.5602},

  url = {https://arxiv.org/abs/1312.5602},

  author = {Mnih, Volodymyr and Kavukcuoglu, Koray and Silver, David and Graves, Alex and Antonoglou, Ioannis and Wierstra, Daan and Riedmiller, Martin},

  keywords = {Machine Learning (cs.LG), FOS: Computer and information sciences, FOS: Computer and information sciences},

  title = {Playing Atari with Deep Reinforcement Learning},

  publisher = {arXiv},

  year = {2013},

  copyright = {arXiv.org perpetual, non-exclusive license}
}

@article{mnih2015humanlevel,
  added-at = {2015-08-26T14:46:40.000+0200},
  author = {Mnih, Volodymyr and Kavukcuoglu, Koray and Silver, David and Rusu, Andrei A. and Veness, Joel and Bellemare, Marc G. and Graves, Alex and Riedmiller, Martin and Fidjeland, Andreas K. and Ostrovski, Georg and Petersen, Stig and Beattie, Charles and Sadik, Amir and Antonoglou, Ioannis and King, Helen and Kumaran, Dharshan and Wierstra, Daan and Legg, Shane and Hassabis, Demis},
  biburl = {https://www.bibsonomy.org/bibtex/2fb15f4471c81dc2b9edf2304cb2f7083/hotho},
  description = {Human-level control through deep reinforcement learning - nature14236.pdf},
  interhash = {eac59980357d99db87b341b61ef6645f},
  intrahash = {fb15f4471c81dc2b9edf2304cb2f7083},
  issn = {00280836},
  journal = {Nature},
  keywords = {deep learning toread},
  month = feb,
  number = 7540,
  pages = {529--533},
  publisher = {Nature Publishing Group, a division of Macmillan Publishers Limited. All Rights Reserved.},
  timestamp = {2015-08-26T14:46:40.000+0200},
  title = {Human-level control through deep reinforcement learning},
  url = {http://dx.doi.org/10.1038/nature14236},
  volume = 518,
  year = 2015
}

@misc{double_ddqn,
  doi = {10.48550/ARXIV.1509.06461},

  url = {https://arxiv.org/abs/1509.06461},

  author = {van Hasselt, Hado and Guez, Arthur and Silver, David},

  keywords = {Machine Learning (cs.LG), FOS: Computer and information sciences, FOS: Computer and information sciences},

  title = {Deep Reinforcement Learning with Double Q-learning},

  publisher = {arXiv},

  year = {2015},

  copyright = {arXiv.org perpetual, non-exclusive license}
}

@inproceedings{r2d2,
title={Recurrent Experience Replay in Distributed Reinforcement Learning},
author={Steven Kapturowski and Georg Ostrovski and Will Dabney and John Quan and Remi Munos},
booktitle={International Conference on Learning Representations},
year={2019},
url={https://openreview.net/forum?id=r1lyTjAqYX},
}

@article{muzero,
	doi = {10.1038/s41586-020-03051-4},

	url = {https://doi.org/10.1038%2Fs41586-020-03051-4},

	year = 2020,
	month = {dec},

	publisher = {Springer Science and Business Media {LLC}
},

	volume = {588},

	number = {7839},

	pages = {604--609},

	author = {Julian Schrittwieser and Ioannis Antonoglou and Thomas Hubert and Karen Simonyan and Laurent Sifre and Simon Schmitt and Arthur Guez and Edward Lockhart and Demis Hassabis and Thore Graepel and Timothy Lillicrap and David Silver},

	title = {Mastering Atari, Go, chess and shogi by planning with a learned model},

	journal = {Nature}
}

@misc{agent57,
  doi = {10.48550/ARXIV.2003.13350},

  url = {https://arxiv.org/abs/2003.13350},

  author = {Badia, Adrià Puigdomènech and Piot, Bilal and Kapturowski, Steven and Sprechmann, Pablo and Vitvitskyi, Alex and Guo, Daniel and Blundell, Charles},

  keywords = {Machine Learning (cs.LG), Machine Learning (stat.ML), FOS: Computer and information sciences, FOS: Computer and information sciences},

  title = {Agent57: Outperforming the Atari Human Benchmark},

  publisher = {arXiv},

  year = {2020},

  copyright = {arXiv.org perpetual, non-exclusive license}
}
